@article{efron1996bootstrap,
   Author="Efron, B.  and Halloran, E.  and Holmes, S. ",
   Title="{{B}ootstrap confidence levels for phylogenetic trees}",
   Journal="Proc. Natl. Acad. Sci. U.S.A.",
   Year="1996",
   Volume="93",
   Number="23",
   Pages="13429--13434",
   Month="Nov"
}

@Article{suzuki2006pvclust,
   Author="Suzuki, R.  and Shimodaira, H. ",
   Title="{{P}vclust: an {R} package for assessing the uncertainty in hierarchical clustering}",
   Journal="Bioinformatics",
   Year="2006",
   Volume="22",
   Number="12",
   Pages="1540--1542",
   Month="Jun"
}


