@Article{smyth2004linear,
    author="Smyth, G. K. ",
    Title="{{L}inear models and empirical bayes methods for assessing differential expression in microarray experiments}",
    Journal="Stat Appl Genet Mol Biol",
    Year="2004",
    Volume="3",
    Pages="Article3"
}

@ARTICLE{phipson2016robust,
    author = {Belinda Phipson and Stanley Lee and Ian J. Majewski and Warren S. Alexander and Gordon K. Smyth},
    year = {2016},
    title = {Robust hyperparameter estimation protects against hypervariable genes and improves power to detect differential expression},
    journal = {Annals of Applied Statistics},
    volume = {10},
    number = {2},
    pages = {946--963},
}

@Article{law2014voom,
    Author="Law, C. W.  and Chen, Y.  and Shi, W.  and Smyth, G. K. ",
    Title="{voom: {P}recision weights unlock linear model analysis tools for {R}{N}{A}-seq read counts}",
    Journal="Genome Biol.",
    Year="2014",
    Volume="15",
    Number="2",
    Pages="R29",
    Month="Feb"
}


